@article{article,
author = {Falconer, Ruth and Bown, James and White, Nia and Crawford, John},
year = {2008},
month = {07},
pages = {603-15},
title = {Modelling interactions in fungi},
volume = {5},
journal = {Journal of the Royal Society, Interface / the Royal Society},
doi = {10.1098/rsif.2007.1210}
}